<?xml version="1.0" encoding="UTF-8"?><collection xmlns="http://www.loc.gov/MARC21/slim"><record><leader>00388nam--2200133-i-4500</leader><controlfield tag="001">000039210</controlfield><controlfield tag="002">20161230</controlfield><controlfield tag="005">20161230201042</controlfield><controlfield tag="008">060222s1000------------r-----000-0-eng-d</controlfield><datafield ind1=" " ind2=" " tag="080"><subfield code="a">621.039.54:539.12.04</subfield></datafield><datafield ind1=" " ind2=" " tag="100"><subfield code="a">Robertson, J.La.L</subfield></datafield><datafield ind1=" " ind2=" " tag="245"><subfield code="a">Irradiation effects in nuclear fuels. an aec monograph</subfield></datafield><datafield ind1=" " ind2=" " tag="260"><subfield code="a">New York, Gordon And Breach, Science Publ., 1969, X + 309p</subfield></datafield><datafield ind1=" " ind2=" " tag="852"><subfield code="a">34240</subfield></datafield></record></collection>